<record xmlns="http://www.loc.gov/MARC21/slim">
   <leader>01454ccm a2200325 a 4500</leader>
   <controlfield tag="001">1345022</controlfield>
   <controlfield tag="008">901220s1985    gw syau  i     n    ger d</controlfield>
   <datafield ind1=" " ind2=" " tag="010">
      <subfield code="a">   86166718 /M</subfield>
   </datafield>
   <datafield ind1=" " ind2=" " tag="020">
      <subfield code="a">3922044069</subfield>
   </datafield>
   <datafield ind1=" " ind2=" " tag="035">
      <subfield code="a">ocm16716162</subfield>
   </datafield>
   <datafield ind1=" " ind2=" " tag="040">
      <subfield code="a">DLC</subfield>
      <subfield code="b">eng</subfield>
      <subfield code="c">DLC</subfield>
   </datafield>
   <datafield ind1="0" ind2=" " tag="041">
      <subfield code="g">ger</subfield>
   </datafield>
   <datafield ind1="0" ind2=" " tag="045">
      <subfield code="b">d1825</subfield>
   </datafield>
   <datafield ind1=" " ind2=" " tag="048">
      <subfield code="a">oa</subfield>
   </datafield>
   <datafield ind1=" " ind2=" " tag="049">
      <subfield code="a">AEU</subfield>
      <subfield code="b">eng</subfield>
   </datafield>
   <datafield ind1="0" ind2="0" tag="050">
      <subfield code="a">M1001</subfield>
      <subfield code="b">.S623 1985</subfield>
   </datafield>
   <datafield ind1="0" ind2=" " tag="090">
      <subfield code="a">M 1001 S38 E maj. 1985</subfield>
   </datafield>
   <datafield ind1="1" ind2=" " tag="100">
      <subfield code="a">Schubert, Franz,</subfield>
      <subfield code="d">1797-1828.</subfield>
   </datafield>
   <datafield ind1="1" ind2="0" tag="240">
      <subfield code="a">Sinfonie in E-Dur, 1825</subfield>
   </datafield>
   <datafield ind1="0" ind2="0" tag="245">
      <subfield code="a">Armer Schubert!</subfield>
      <subfield code="h">[music] :</subfield>
      <subfield code="b">Fälschungen und Manipulationen : Marginalien zu Franz Schuberts Sinfonie von 1825 /</subfield>
      <subfield code="c">Werner Maser.</subfield>
   </datafield>
   <datafield ind1=" " ind2=" " tag="250">
      <subfield code="a">1. Aufl.</subfield>
   </datafield>
   <datafield ind1=" " ind2=" " tag="260">
      <subfield code="a">Stuttgart :</subfield>
      <subfield code="b">Goldoni,</subfield>
      <subfield code="c">c1985.</subfield>
   </datafield>
   <datafield ind1=" " ind2=" " tag="300">
      <subfield code="a">1 score (80, 277 p.) ;</subfield>
      <subfield code="c">29 cm.</subfield>
   </datafield>
   <datafield ind1=" " ind2=" " tag="336">
      <subfield code="a">notated music</subfield>
      <subfield code="b">ntm</subfield>
      <subfield code="2">rdacontent</subfield>
   </datafield>
   <datafield ind1=" " ind2=" " tag="337">
      <subfield code="a">unmediated</subfield>
      <subfield code="b">n</subfield>
      <subfield code="2">rdamedia</subfield>
   </datafield>
   <datafield ind1=" " ind2=" " tag="500">
      <subfield code="a">Includes the score first published as: Sinfonie in E-Dur, 1825 / Franz Schubert (Stuttgart : Goldoni, 1982).The symphony was "discovered" in 1971. Not listed in Otto Erich Deutsch's thematic catalogue of Schubert's works; authenticity disputed by the editorial board of the Neuen-Schubert-Ausgabe. Cf. Walther Durr, "Eine gefalschte Schubert-Sinfonie, " Musica, Jahrgang 37, Heft 2 (1983): 135-142.</subfield>
   </datafield>
   <datafield ind1=" " ind2=" " tag="596">
      <subfield code="a">38</subfield>
   </datafield>
   <datafield ind1=" " ind2="0" tag="650">
      <subfield code="a">Symphonies</subfield>
      <subfield code="v">Scores.</subfield>
   </datafield>
   <datafield ind1="1" ind2=" " tag="700">
      <subfield code="a">Maser, Werner,</subfield>
      <subfield code="d">1922-2007.</subfield>
   </datafield>
   <datafield ind1=" " ind2=" " tag="926">
      <subfield code="a">M 1001 S38 E maj. 1985</subfield>
      <subfield code="w">LC</subfield>
      <subfield code="c">1</subfield>
      <subfield code="i">000035246586</subfield>
      <subfield code="l">ON_SHELF</subfield>
      <subfield code="m">UABARD</subfield>
      <subfield code="p">$150.00</subfield>
      <subfield code="r">Y</subfield>
      <subfield code="s">Y</subfield>
      <subfield code="t">MUSICSCORE</subfield>
      <subfield code="u">1/3/1991</subfield>
      <subfield code="o">.STAFF. B0024899</subfield>
   </datafield>
</record>
